<?xml version="1.0" encoding="UTF-8"?><collection xmlns="http://www.loc.gov/MARC21/slim"><record><leader>00468nam--2200193-u-4500</leader><controlfield tag="001">000050951</controlfield><controlfield tag="002">20161230</controlfield><controlfield tag="005">20161230201049</controlfield><controlfield tag="008">080505s1000------------r-----000-0-eng-d</controlfield><datafield ind1=" " ind2=" " tag="020"><subfield code="a">0884-00016</subfield></datafield><datafield ind1=" " ind2=" " tag="080"><subfield code="a">51</subfield></datafield><datafield ind1="1" ind2=" " tag="100"><subfield code="a">Fomenko,A.T</subfield></datafield><datafield ind1="1" ind2="0" tag="245"><subfield code="a">Symplectic Geometry</subfield></datafield><datafield ind1=" " ind2=" " tag="250"><subfield code="a">Second Edition</subfield></datafield><datafield ind1=" " ind2=" " tag="260"><subfield code="a">Australia</subfield><subfield code="b">Gordon and Breach Publ</subfield><subfield code="c">1988</subfield></datafield><datafield ind1=" " ind2=" " tag="300"><subfield code="a">467 p</subfield></datafield><datafield ind1=" " ind2="4" tag="650"><subfield code="a">Symplectic Geometry</subfield></datafield><datafield ind1=" " ind2=" " tag="852"><subfield code="a">81387</subfield><subfield code="c">51</subfield></datafield><datafield ind1=" " ind2=" " tag="CAT"><subfield code="a">Sys</subfield><subfield code="c">20080505</subfield><subfield code="h">102020</subfield></datafield></record></collection>